
@article{peng2002reporting,
  title={An Introduction to Logistic Regression Analysis and Reporting},
  author={Peng, Chao-Ying Joanne and Lee, Kuk Lida and Ingersoll, Gary M.},
  journal={The Journal of Educational Research},
  volume={96},
  number={1},
  pages={3--14},
  year={2002},
  publisher={Taylor \& Francis},
  doi={10.2307/27542407}
}

@article{maalouf2011overview,
  title={Logistic regression in data analysis: an overview},
  author={Maalouf, Maher},
  journal={Int. J. Data Analysis Techniques and Strategies},
  volume={3},
  number={3},
  pages={281--299},
  year={2011},
  publisher={Inderscience}
}

@article{nourelahi2019breast,
  title={A Model to Predict Breast Cancer Survivability Using Logistic Regression},
  author={Nourelahi, Mehdi and Zamani, Ali and Talei, Abdolrasoul and Tahmasebi, Sedigheh},
  journal={Middle East Journal of Cancer},
  volume={10},
  number={2},
  pages={132--138},
  year={2019}
}

@article{morgan1988logistic,
  title={Logistic Regression: Description, Examples, and Comparisons},
  author={Morgan, S. Philip and Teachman, Jay D.},
  journal={Journal of Marriage and the Family},
  volume={50},
  number={4},
  pages={929--936},
  year={1988},
  publisher={National Council on Family Relations},
  doi={10.2307/352104}
}

@article{dey2025survey,
  title={The proper application of logistic regression model in complex survey data: a systematic review},
  author={Dey, Devjit and Haque, Md. Samio and Islam, Md. Mojahedul and others},
  journal={BMC Medical Research Methodology},
  volume={25},
  number={15},
  year={2025},
  doi={10.1186/s12874-024-02454-5}
}

@article{stoltzfus2011primer,
  title={Logistic Regression: A Brief Primer},
  author={Stoltzfus, Jill C.},
  journal={Academic Emergency Medicine},
  volume={18},
  number={10},
  pages={1099--1104},
  year={2011},
  publisher={Wiley Online Library}
}

@article{yaseen2020linear,
  title={A Review on Linear Regression Comprehensive in Machine Learning},
  author={Maulud, Dastan Hussen and Abdulazeez, Adnan Mohsin},
  journal={Journal of Applied Science and Technology Trends},
  volume={1},
  number={2},
  pages={140--147},
  year={2020},
  doi={10.38094/jastt1457}
}
